@misc{wiki:Transistor_count,
   author = "Wikipedia",
   title = "{Transistor count} --- {W}ikipedia{,} The Free Encyclopedia",
   year = "2025",
   howpublished = {\url{http://en.wikipedia.org/w/index.php?title=Transistor\%20count&oldid=1295583925}},
   note = "[Online; accessed 19-June-2025]"
 }
 
 @misc{wiki:CMOS,
   author = "Wikipedia",
   title = "{CMOS} --- {W}ikipedia{,} The Free Encyclopedia",
   year = "2025",
   howpublished = {\url{http://en.wikipedia.org/w/index.php?title=CMOS&oldid=1295125949}},
   note = "[Online; accessed 19-June-2025]"
 }